<?xml version="1.0" encoding="UTF-8"?><record xmlns="http://www.loc.gov/MARC21/slim" xmlns:cinclude="http://apache.org/cocoon/include/1.0" xmlns:zs="http://www.loc.gov/zing/srw/">
  <leader>00448cz  a2200133n  4500</leader>
  <controlfield tag="001">n  97004690 </controlfield>
  <controlfield tag="003">DLC</controlfield>
  <controlfield tag="005">20110908074907.0</controlfield>
  <controlfield tag="008">970115n| acannaab           |n aaa      </controlfield>
  <datafield tag="010" ind1=" " ind2=" ">
    <subfield code="a">n  97004690 </subfield>
  </datafield>
  <datafield tag="040" ind1=" " ind2=" ">
    <subfield code="a">DLC</subfield>
    <subfield code="c">DLC</subfield>
    <subfield code="d">DLC</subfield>
  </datafield>
  <datafield tag="100" ind1="1" ind2=" ">
    <subfield code="a">Luburić, Niko</subfield>
  </datafield>
  <datafield tag="670" ind1=" " ind2=" ">
    <subfield code="a">Duhovne popijevke iz Hercegovine, 1994:</subfield>
    <subfield code="b">t.p. (Niko Luburić)</subfield>
  </datafield>
  <datafield tag="670" ind1=" " ind2=" ">
    <subfield code="a">Crkvene popijevke iz Hercegovine, 2010:</subfield>
    <subfield code="b">p. 81 (b. Nov. 21, 1951 in Studenci Ljubuški, Bosnia and Hercegovina)</subfield>
  </datafield>
</record>